@incollection{Wikipedia2013lf,
  shorthand={WP},
  title={Letter frequency},
  booktitle={Wikipedia},
  publisher={Wikimedia Foundation},
  year={2012},
	URL={https://en.wikipedia.org/wiki/Letter_frequency},
	note={Hämtad den 1 oktober 2012},
}
@incollection{Wikipedia2011s,
  shorthand={WP},
  title={Scytale},
  booktitle={Wikipedia},
  publisher={Wikimedia Foundation},
  year={2011},
  URL={https://en.wikipedia.org/wiki/File:Skytale.png},
  note={Hämtad den 20 juni 2011},
}
@book{Stinson2006cta,
  author={Stinson, Douglas R.},
  title={Cryptography : theory and practice},
  publisher={Chapman {\&} Hall/CRC},
  address={Boca Raton},
  year={2006},
  edition={3},
  ISBN={1-58488-508-4 (Hardcover)},
  keywords={Kryptering},
}
@book{Anderson2008sea,
  author={Anderson, Ross J.},
  title={Security engineering : a guide to building dependable distributed 
    systems},
  publisher={Wiley},
  address={Indianapolis, IN},
  year={2008},
  edition={2},
  ISBN={978-0-470-06852-6 (hbk.)},
  keywords={IT-s{\"a}kerhet},
}
@article{Shannon1948amt,
  author={Shannon, Claude E.},
  title={A mathematical theory of communication},
  journal={Bell Systems Technical Journal},
  volume={27},
  pages={379--423, 623--656},
  year={1948},
}
@article{Shannon1949cto,
  author={Shannon, Claude E.},
  title={Communication theory of secrecy systems},
  journal={Bell Systems Technical Journal},
  volume={28},
  pages={656--715},
  year={1949},
}
@article{Kelly1998tmo,
  author={Kelly, Thomas},
  title={The Myth of the Skytale},
  journal={Cryptologia},
  volume={22},
  number={3},
  year={1998},
}
@book{Singh2000tcb,
  author={Singh, Simon},
  title={The code book : the secret history of codes and codebreaking},
  publisher={Fourth estate},
  address={London},
  year={2000},
  ISBN={1-85702-889-9},
  keywords={Kryptering -- historia Chiffer -- historia},
}
@incollection{OED2013cg,
  shorthand={OED},
  booktitle={{OED Online}},
  title={cryptography, n.},
  publisher={Oxford University Press},
  year={2013},
  month={mar},
  note={Hämtad den 5 april 2013},
  URL={http://www.oed.com/view/Entry/45374?redirectedFrom=cryptography&},
}
@incollection{OED2013c,
  shorthand={OED},
  booktitle={{OED Online}},
  title={crypto-, comb. form},
  publisher={Oxford University Press},
  year={2013},
  month={mar},
  note={Hämtad den 5 april 2013},
  URL={http://www.oed.com/view/Entry/45363},
}
@incollection{OED2013g,
  shorthand={OED},
  booktitle={{OED Online}},
  title={graphy-, comb. form},
  publisher={Oxford University Press},
  year={2013},
  month={mar},
  note={Hämtad den 5 april 2013},
  URL={http://www.oed.com/view/Entry/80855},
}
